@article{floyd1993random,
  title={Random early detection gateways for congestion avoidance},
  author={Floyd, Sally and Jacobson, Van},
  journal={IEEE/ACM Transactions on Networking (ToN)},
  volume={1},
  number={4},
  pages={397--413},
  year={1993},
  publisher={IEEE Press}
}

@article{nopaxos,
  title={Just say no to paxos overhead: Replacing consensus with network ordering},
  author={Li, J. and Michael, E. and Sharma, N. K. and Szekeres, A. and Ports, D. R. K.},
  journal={12th USENIX Symposium on Operating Systems Design and Implementation (OSDI 16)},
  pages={467--483},
  year={2016},
  publisher={USENIX Association}
}

@article{fastpaxos,
  title={Fast Paxos},
  author={Lamport, L.},
  journal={Distributed Computing},
  volume={19},
  pages={79--103},
  year={2006}
}

@article{vr,
  title={Viewstamped replication: A new primary copy method to support highly available distributed systems},
  author={Oki, B. M. and Liskov, B. H.},
  journal={Proceedings of the 7th ACM Symposium on Principles of Distributed Computing},
  year={1988},
  publisher={ACM},
}

@article{paxos,
  title={The part-time parliament},
  author={Lamport, L.},
  journal={ACM Transactions on Computer Systems},
  volume={16},
  number={2},
  year={1998},
}

@article{paxossimple,
  title={Paxos made simple},
  author={Lamport, L.},
  journal={ACM SIGACT News},
  volume={32},
  number={4},
  year={2001},
  publisher={ACM},
}

@article{generalizedpaxos,
  title={Generalized consensus and Paxos},
  author={Lamport, L.},
  journal={Technical Report MSR-TR-2005-33},
  publisher={Microsoft Research},
  year={Mar. 2005},
}

@article{specpaxos,
  title={Designing distributed systems using approximate synchrony in data center networks},
  author={Ports, D. R. K and Li, J. and Liu, V. and Sharma, N. K. and Krishnamurthy, A.},
  journal={Proceedings of NSDI},
  year={2015},
}

@article{netpaxos,
  title={Consensus at network speed},
  author={Dang, H. T. and Sciascia, D. and Canini, M. and Pedone, F. and Soule, R.},
  journal={Proceedings of the 1st ACM SIGCOMM Symposium on Software Defined Networking Research},
  year={2015},
  publisher={ACM},
}

@article{epaxos,
  title={There is more consensus in egalitarian parliaments},
  author={Moraru, I. and Andersen, D. G. and Kaminsky, M.},
  journal={Proceedings of the Twenty-Fourth ACM Symposium on Operating Systems Principles},
  pages={358-372},
  publisher={ACM},
  year={2013},
}

@article{raft,
  title={In search of an understandable consensus algorithm},
  author={Ongaro, D. and Ousterhout, J.},
  journal={2014 USENIX Annual Technical Conference},
  pages={305-319},
  publisher={USENIX Association},
  year={2014},
}



